@Article{parks2016,
   Author="Parks, D. R. and El Khettabi, F. and Moore, W. A. and Spidlen, J. and Brinkman, R. R. and Wood, J. C. S. and Perfetto, S. and Hoffman, R. A. and Chase, E.",
   Title="{{E}}valuating flow cytometer performance with weighted quadratic least squares analysis of {L}{E}{D} and multi-level bead data",
   Journal="(to be submitted)",
   Year="2016"
}

@Article{wood1998,
   Author="Wood, J. C. ",
   Title="{{F}undamental flow cytometer properties governing sensitivity and resolution}",
   Journal="Cytometry",
   Year="1998",
   Volume="33",
   Number="2",
   Pages="260--266",
   Month="Oct"
}

@Article{hoffman2007,
   Author="Hoffman, R. A.  and Wood, J. C. ",
   Title="{{C}haracterization of flow cytometer instrument sensitivity}",
   Journal="Curr Protoc Cytom",
   Year="2007",
   Volume="Chapter 1",
   Pages="Unit1.20",
   Month="Apr"
}

@Article{chase1998,
   Author="Chase, E. S.  and Hoffman, R. A. ",
   Title="{{R}esolution of dimly fluorescent particles: a practical measure of fluorescence sensitivity}",
   Journal="Cytometry",
   Year="1998",
   Volume="33",
   Number="2",
   Pages="267--279",
   Month="Oct"
}

@Article{spidlen2010,
   Author="Spidlen, J.  and Moore, W.  and Parks, D.  and Goldberg, M.  and Bray, C.  and Bierre, P.  and Gorombey, P.  and Hyun, B.  and Hubbard, M.  and Lange, S.  and Lefebvre, R.  and Leif, R.  and Novo, D.  and Ostruszka, L.  and Treister, A.  and Wood, J.  and Murphy, R. F.  and Roederer, M.  and Sudar, D.  and Zigon, R.  and Brinkman, R. R. ",
   Title="{{D}ata {F}ile {S}tandard for {F}low {C}ytometry, version {F}{C}{S} 3.1}",
   Journal="Cytometry A",
   Year="2010",
   Volume="77",
   Number="1",
   Pages="97--100",
   Month="Jan"
}

@Article{Moore2012,
   Author="Moore, W. A.  and Parks, D. R. ",
   Title="{{U}pdate for the logicle data scale including operational code implementations}",
   Journal="Cytometry A",
   Year="2012",
   Volume="81",
   Number="4",
   Pages="273--277",
   Month="Apr"
}

@Article{Parks2006,
   Author="Parks, D. R.  and Roederer, M.  and Moore, W. A. ",
   Title="{{A} new "{L}ogicle" display method avoids deceptive effects of logarithmic scaling for low signals and compensated data}",
   Journal="Cytometry A",
   Year="2006",
   Volume="69",
   Number="6",
   Pages="541--551",
   Month="Jun"
}

